% This file was created with JabRef 2.9.2.
% Encoding: Cp1252

@BOOKLET{SE-book,
  title = {Systems engineering exercises and teaching materials},
  author = {Rune Hylsberg Jacobsen},
  month = {January},
  year = {2014}
}

